<?xml version="1.0" encoding="UTF-8"?><collection xmlns="http://www.loc.gov/MARC21/slim"><record><leader>00325nam--2200121-i-4500</leader><controlfield tag="001">000038009</controlfield><controlfield tag="002">20161230</controlfield><controlfield tag="005">20161230201041</controlfield><controlfield tag="008">060222s1000------------r-----000-0-eng-d</controlfield><datafield ind1=" " ind2=" " tag="100"><subfield code="a">Ralston O.C</subfield></datafield><datafield ind1=" " ind2=" " tag="245"><subfield code="a">Electrostatic separation of mixed granular solid</subfield></datafield><datafield ind1=" " ind2=" " tag="260"><subfield code="a">London, Elsevier Publ.Co.,1961. Viii + 261 P</subfield></datafield><datafield ind1=" " ind2=" " tag="852"><subfield code="a">16749</subfield></datafield></record></collection>